@book{trefethen,
  added-at = {2010-09-19T02:35:23.000+0200},
  author = {Trefethen, Lloyd N. and Bau, David},
  biburl = {http://www.bibsonomy.org/bibtex/2e45a2ed5ccc6dc12721cde613217c222/ytyoun},
  interhash = {1e7e7a44cbff3092be50a71fe056c8ec},
  intrahash = {e45a2ed5ccc6dc12721cde613217c222},
  isbn = {0898713617},
  keywords = {linear_algebra matrix textbook},
  publisher = {SIAM: Society for Industrial and Applied Mathematics},
  timestamp = {2010-09-19T02:35:23.000+0200},
  title = {Numerical Linear Algebra},
  url = {http://www.amazon.com/exec/obidos/redirect?tag=citeulike07-20\&path=ASIN/0898713617},
  year = 1997
}

@book{watkins2004fundamentals,
  title={Fundamentals of Matrix Computations},
  author={Watkins, D.S.},
  isbn={9780471461678},
  lccn={2002071332},
  series={Pure and Applied Mathematics: A Wiley Series of Texts, Monographs and Tracts},
  url={http://books.google.com.br/books?id=8t7mHZxNqIMC},
  year={2004},
  publisher={Wiley}
}

 @misc{ wiki:svd,
   author = "Wikipedia",
   title = "Singular value decomposition --- Wikipedia{,} The Free Encyclopedia",
   year = "2012",
   url = "\url{http://en.wikipedia.org/w/index.php?title=Singular_value_decomposition&oldid=526553712}",
   note = "[Online; accessed 10-December-2012]"
 }
