@misc{ wiki:fourier-transform,
	author = "Wikipedia",
	title = "Fourier transform --- Wikipedia{,} The Free Encyclopedia",
	year = "2012",
	url = "\url{http://en.wikipedia.org/w/index.php?title=Fourier_transform&oldid=514050655}",
	note = "[Online; acessado 22 de setembro de 2012]"
}

@misc{ wiki:cooley-tukey,
	author = "Wikipedia",
	title = "Cooley–Tukey FFT algorithm --- Wikipedia{,} The Free Encyclopedia",
	year = "2012",
	url = "\url{http://en.wikipedia.org/w/index.php?title=Cooley\%E2\%80\%93Tukey_FFT_algorithm&oldid=504782769}",
	note = "[Online; acessado 22 de setembro de 2012]"
}

@misc{ ufpe:computacao-musical,
	author = "Geber Ramalho",
	title = "Computação Musical (instância 2012.1)",
	year = "2012",
	url = "\url{http://www.cin.ufpe.br/~musica/2012-1/}",
	note = "[Online; acessado 22 de setembro de 2012]"
}

@book{burk2005music,
  title={Music and Computers: A Theoretical and Historical Approach : Course Guide},
  author={Burk, P.},
  isbn={9781930190955},
  url={http://books.google.com.br/books?id=iG\_bAAAACAAJ},
  year={2005},
  publisher={Key College Pub.}
}

@misc{ ufcg:transformada-fourier,
	author = "Joseana Macêdo Fechine",
	title = "A Transformada de Fourier e suas Aplicações ",
	year = "2010",
	url = "\url{http://www.dsc.ufcg.edu.br/~pet/ciclo_seminarios/tecnicos/2010/TransformadaDeFourier.pdf}",
	note = "[Online; acessado 22 de setembro de 2012]"
}

@misc{ wiki:serie-fourier,
	author = "Wikip\'{E}dia",
	title = "Série de Fourier --- Wikipédia{,} a enciclopédia livre",
	year = "2012",
	url = "\url{http://pt.wikipedia.org/w/index.php?title=S\%C3\%A9rie_de_Fourier&oldid=31709706}",
	note = "[Online; acessado 22 de setembro de 2012]"
}

@misc{ voltech:dft-vs-fft,
	author = "Voltech",
	title = "DFT Vs FFT For Fourier Analysis of Waveforms",
	url = "\url{http://file.yizimg.com/320527/2010112211541556.pdf}",
	note = "[Online; acessado 22 de setembro de 2012]"
}



%[1] http://music.columbia.edu/cmc/musicandcomputers/chapter3/03_03.php
%[2] www.dsc.ufcg.edu.br/~pet/ciclo_seminarios/tecnicos/2010/TransformadaDeFourier.pdf
%[3] http://en.wikipedia.org/wiki/Fourier_transform
%[4] http://en.wikipedia.org/wiki/Cooley%E2%80%93Tukey_FFT_algorithm
%[5] http://www.cin.ufpe.br/~musica/aulas/som.ppt
%[6] http://pt.wikipedia.org/wiki/S%C3%A9rie_de_Fourier
