@ARTICLE{bowman:reasoning,
	AUTHOR = "Mic Bowman and Saumya K. Debray and Larry L. Peterson",
	TITLE = "Reasoning About Naming Systems",
	JOURNAL = "ACM Trans. Program. Lang. Syst.",
	VOLUME = {15},
	NUMBER = {5},
	PAGES = {795-825},
	MONTH = "November",
	YEAR = {1993}	}

@ARTICLE{braams:babel,
	AUTHOR = "Johannes Braams",
	TITLE = "Babel, a Multilingual Style-Option System for Use with LaTeX's Standard Document Styles",
	JOURNAL = {TUGboat},
	VOLUME = {12},
	NUMBER = {2},
	PAGES = {291-301},
	MONTH = "June",
	YEAR = {1991}	}

@INPROCEEDINGS{clark:pct,
	AUTHOR = "Malcolm Clark",
	TITLE = "Post Congress Tristesse",
	BOOKTITLE = "TeX90 Conference Proceedings",
	PAGES = "84-89",
	ORGANIZATION = "TeX Users Group",
	MONTH = "March", 
	YEAR = {1991}	}

@ARTICLE{herlihy:methodology,
	AUTHOR = "Maurice Herlihy",
	TITLE = "A Methodology for Implementing Highly Concurrent
	Data Objects",
	JOURNAL = {ACM Trans. Program. Lang. Syst.},
	VOLUME = {15},
	NUMBER = {5},
	PAGES = {745-770},
	MONTH = "November",
	YEAR = {1993}	}

@BOOK{Lamport:LaTeX,
	AUTHOR = "Leslie Lamport",
	TITLE = "LaTeX User's Guide and Document Reference Manual",
	PUBLISHER = "Addison-Wesley Publishing Company",
	ADDRESS = "Reading, Massachusetts",
	YEAR = "1986"	}

@BOOK{salas:calculus,
	AUTHOR = "S.L. Salas and Einar Hille",
	TITLE = "Calculus: One and Several Variable",
	PUBLISHER = "John Wiley and Sons",
	ADDRESS = "New York",
	YEAR = "1978"	}

@article{oliveira:origem_universidades,
	title = {{Origem e mem\'oria das universidades medievais a preserva{\c c}\~ao de uma institui{\c c}\~ao educacional}},
	journal = {{Varia Historia}},
	author={Oliveira, Terezinha},
	ISSN = {0104-8775},
	language = {pt},
	URL = {http://www.scielo.br/scielo.php?script=sci_arttext&pid=S0104-87752007000100007&nrm=iso},
	volume = {23},
	year = {2007},
	month = {06},
	pages = {113 - 129},
	publisher = {scielo},
}

@book{ribeiro:universidade_vida_atual,
	title={A universidade e a vida atual: Fellini n{\~a}o via filmes},
	author={Ribeiro, R.J. and Priore, M.D.},
	isbn={9788535212587},
	lccn={2005340697},
	url={http://books.google.com.br/books?id=ptyTtwAACAAJ},
	year={2003},
	publisher={Editora Campus}
}

@inproceedings{kelemen:has_become_math_phobic,
	author = {Kelemen, Charles and Tucker, Allen and Henderson, Peter and Astrachan, Owen and Bruce, Kim},
	title = {Has our curriculum become math-phobic? (an American perspective)},
	booktitle = {Proceedings of the 5th annual SIGCSE/SIGCUE ITiCSEconference on Innovation and technology in computer science education},
	series = {ITiCSE '00},
	year = {2000},
	isbn = {1-58113-207-7},
	location = {Helsinki, Finland},
	pages = {132--135},
	numpages = {4},
	url = {http://doi.acm.org/10.1145/343048.343143},
	doi = {10.1145/343048.343143},
	acmid = {343143},
	publisher = {ACM},
	address = {New York, NY, USA},
} 

@inproceedings{tucker:our_curriculum_math_phobic,
	author = {Allen B. Tucker and Charles F. Kelemen and Kim B. Bruce},
	title = {Our Curriculum Has Become Math-Phobic!},
	booktitle = {In Proceedings of the Thirty-second SIGCSE Technical Symposium on Computer Science Education},
	year = {2001},
	pages = {243--247},
	publisher = {ACM Press}
}


@article{ralston:do_need_mathematics,
	author = {Ralston, Anthony},
	title = {Do we need ANY mathematics in computer science curricula?},
	journal = {SIGCSE Bull.},
	issue_date = {June 2005},
	volume = {37},
	number = {2},
	month = jun,
	year = {2005},
	issn = {0097-8418},
	pages = {6--9},
	numpages = {4},
	url = {http://doi.acm.org/10.1145/1083431.1083433},
	doi = {10.1145/1083431.1083433},
	acmid = {1083433},
	publisher = {ACM},
	address = {New York, NY, USA},
} 

@inproceedings{archibald:mathematics_component,
	author = {Ralston, Anthony and Chrisman, Carol and Jehn, Lawrence A. and Poirier, Charles P. and Del Vecchio, Donald J.},
	note = {Moderator-Archibald,Jr., Julius A.},
	title = {The mathematics component of the undergraduate curriculum in computer science (Panel Discussion)},
	booktitle = {Proceedings of the twelfth SIGCSE technical symposium on Computer science education},
	series = {SIGCSE '81},
	year = {1981},
	isbn = {0-89791-036-2},
	location = {St. Louis, Missouri, United States},
	pages = {104--108},
	numpages = {5},
	url = {http://doi.acm.org/10.1145/800037.800970},
	doi = {10.1145/800037.800970},
	acmid = {800970},
	publisher = {ACM},
	address = {New York, NY, USA},
} 

@inproceedings{tucker:cs_core_curriculum,
	author = {Tucker, Alan C.},
	title = {Computer Science Core Curriculum And Mathematics},
	booktitle = {Proceedings of the 1978 annual conference},
	series = {ACM '78},
	year = {1978},
	isbn = {0-89791-000-1},
	location = {Washington, D.C., United States},
	pages = {21--24},
	numpages = {4},
	url = {http://doi.acm.org/10.1145/800127.804062},
	doi = {10.1145/800127.804062},
	acmid = {804062},
	publisher = {ACM},
	address = {New York, NY, USA},
} 

@inproceedings{marion:discrete_math,
	author = {Marion, William},
	title = {Discrete mathematics for computer science majors\â€”where are we? How do we proceed?},
	booktitle = {Proceedings of the twentieth SIGCSE technical symposium on Computer science education},
	series = {SIGCSE '89},
	year = {1989},
	isbn = {0-89791-298-5},
	location = {Louisville, Kentucky, United States},
	pages = {273--277},
	numpages = {5},
	url = {http://doi.acm.org/10.1145/65293.65314},
	doi = {10.1145/65293.65314},
	acmid = {65314},
	publisher = {ACM},
	address = {New York, NY, USA},
} 

@article{krone:incorporating_mathematics,
	author = {Krone, Joan and Feil, Todd},
	title = {Incorporating mathematics into the first year CS program: a new approach to CS2},
	journal = {J. Comput. Sci. Coll.},
	issue_date = {October 2001},
	volume = {17},
	number = {1},
	month = oct,
	year = {2001},
	issn = {1937-4771},
	pages = {44--51},
	numpages = {8},
	url = {http://dl.acm.org/citation.cfm?id=772488.772499},
	acmid = {772499},
	publisher = {Consortium for Computing Sciences in Colleges},
	address = {USA},
} 

@article{wyatt:long_term_prospects,
	author = {Wyatt, Richard and Ackermann, Ernest and D'Antonio, Lawrence and McElfresh, Scott and Milito, Elaine},
	title = {What are the long term prospects for CS education, given the rapid rise of IT?},
	journal = {J. Comput. Sci. Coll.},
	issue_date = {May 2008},
	volume = {23},
	number = {5},
	month = may,
	year = {2008},
	issn = {1937-4771},
	pages = {120--122},
	numpages = {3},
	url = {http://dl.acm.org/citation.cfm?id=1352627.1352647},
	acmid = {1352647},
	publisher = {Consortium for Computing Sciences in Colleges},
	address = {USA},
} 

@article{ralston:cs_math_undergraduate_curricula,
	AUTHOR    = {Anthony Ralston}, 
	TITLE     = {Computer Science, Mathematics, and the Undergraduate Curricula in Both},
	JOURNAL   = {The American Mathematical Monthly},
	YEAR      = {1981},
	Volume    = {88},
	Number    = {7},
	Pages     = {472-485},
	Month     = {Aug. - Sep.},
}
